@article{Iijima91Nature,
	Author = {S. Iijima},
	Journal = {Nature},
	Pages = {56-58},
	Title = {Helical Microtubules of Graphitic Carbon},
	Volume = 354,
	Year = 1991}

@article{Phaedon08NAP,
author = {Phaedon Avouris and Marcus Freitag and Vasili Perebeinos},
title = {Carbon-nanotube photonics and optoelectronics},
journal = "Nature Photon.",
year = "2008",
volume = "2",
pages = "341-359"
} 

@article{Bonaccorso10NAP,
author = {F. Bonaccorso, Z. Sun, T. Hasan and A. C. Ferrari},
title  = {Graphene photonics and optoelectronics},
journal = {Nature Photon.},
year = {2010},
volume = {4},
pages = {611-622}
}

@book{LeonardF_book2008,
	Author = {L\'eonard, F.},
	Date-Added = {2012-04-27 08:34:59 -0500},
	Date-Modified = {2012-04-27 08:34:59 -0500},
	Publisher = {William-Andrew},
	Title = {The physics of Carbon Nanotube Devices},
	Year = {2008}
}

@article{Chen01APL,
author= {Robert J. Chen and Nathan R. Franklin and Jing Kong and Jien Cao and Thomas W. Tombler},
title = {Molecular photodesorption from single-walled carbon nanotubes},
journal = {Appl. Phys. Lett.},
year = {2001},
volume = {79},
pages = {2258}
}

@article{Shim03APL,
author = {Moonsub Shim and Giles P. Siddons},
title = {Photoinduced Conductivity Changes in Carbon Nanotube Transistors},
journal = {Appl. Phys. Lett.},
year = {2003},
volume = {83},
pages = {3564}
}

@article{Levitsky03APL,
author = {I. A. Levitsky and W. B. Euler},
title = {Photoconductivity of single-wall carbon nanotubes under continuous-wave near-infrared illumination},
journal = {Appl. Phys. Lett.},
volume = {83},
pages = {1857},
year = {2003}
}

@article{Freitag03NL,
author={M. Freitag and Y. Martin and J. A. Misewich and R. Martel and Phaedon Avouris},
title = {Photoconductivity of single carbon nanotubes},
journal = {Nano Lett.},
volume = {3},
pages = {1067-1071},
year = {2003}
}

@article{Mohite05APL,
author = {A. Mohite and S. Chakraborty and P. Gophinath and G. U. Sumanasekera and B. W. Alphenaar},
title = { Displacement current detection of photoconduction in carbon nanotubes},
journal = {Appl. Phys. Lett.},
volume = {86},
pages = {061114},
year = {2005}
}

@article{Lien06AM,
author = {D.H. Lien and W.K. Hsu and H.W. Zan and N.H. Tai and C.H. Tsai},
title = {Photocurrent Amplification at Carbon Nanotube–Metal Contacts},
journal = {Adv. Mater.},
volume = {18},
pages = {98-103},
year = {2006}
}


@article{Sun06APL,
author = {Jia-Lin Sun and Jinquan Wei and Jia-Lin Zhu and Dong Xu and Xiaomeng Liu and Hongsan Sun and De-Hai Wu and Nian-Le Wu},
title = {Photoinduced currents in carbon nanotube/metal heterojunctions},
journal = {Appl. Phys. Lett.},
volume = {88},
pages = {131107},
year = {2006}
}

@article{Lu06Nanotech,
author={Shaoxin Lu and Balaji Panchapakesan},
title = {Photoconductivity in single wall carbon nanotube sheets},
journal = {Nanotechnology},
volume = {17},
pages = {1843-1850},
year = {2006}
}

@article{Itkis06Science,
author = {Mikhail E. Itkis and Ferenc Borondics and Aiping Yu and Robert C. Haddon},
title = {Bolometric Infrared Photoresponse of Suspended Single-Walled Carbon Nanotube Films},
journal = {Science},
volume = {312},
pages = {413-416},
year = {2006}
}


@article{Benham08APL,
author = {Ashkan Benham and Jason L. Johnson and Yongho Choi and M. G\"unhan Ertosun and Ali K. Okyay and Pawan Kapur and Krishna C. Saraswat and Ant Ural},
title = {Experimental characterization of single-walled carbon nanotube film-Si Schottky contacts using metal-semiconductor-metal structures},
journal ={Appl. Phys. Lett.},
volume = {92},
pages = {243116},
year = {2008}
}

@article{Pradhan08NL,
author = {Basudev Pradhan and Kristina Setyowati and Haiying Liu and David H. Waldeck and Jian Chen},
title = {Carbon Nanotube−Polymer Nanocomposite Infrared Sensor},
journal = {Nano Lett.},
volume = {8},
pages = {1142-1146},
year = {2008}
}



@article{Merchant08APL,
author = {Christopher A. Merchant and Nina Markovic},
title = {Effects of diffusion on photocurrent generation in single-walled carbon nanotube films},
journal = {Appl. Phys. Lett.},
volume = {92},
pages = {243510},
year = {2008}
}


@article{Stokes09APL,
author = {Paul Stokes and Liwei Liu and Jianhua Zou and Lei Zhai and Qun Huo and Saiful I. Khondaker},
title = {Photoresponse in large area multiwalled carbon nanotube/polymer nanocomposite films},
journal = {Appl. Phys. Lett.},
volume = {94},
pages = {042110},
year = {2009}
}


@article{Antoine09NL,
author = {Benoit C. St-Antoine and David M\'enard and Richard Martel},
title = {Position Sensitive Photothermoelectric Effect in Suspended Single-Walled Carbon Nanotube Films},
journal = {Nano. Lett.},
volume = {9},
pages = {3503},
year = {2009}
}



@article{Xiao11Nanotech,
author = {Lin Xiao and Yuying Zhang and Yang Wang and Kai Liu and Zheng Wang and Tianyi Li and Zhe Jiang and Junpeng Shi and Liang Liu and QunQing Li and Yonggang Zhao and Zhenghe Feng and Shoushan Fan and Kaili Jiang},
title = {A polarized infrared thermal detector made from super-aligned multiwalled carbon nanotube films},
journal = {Nanotechnology},
volume = {22},
pages = {025502},
year = {2011}
}

@article{Omari11APL,
author = {M. Omari and N. A. Kouklin},
title = {Photothermovoltaic effect in carbon nanotubes: En route toward junctionless infrared photocells and light sensors},
journal = {Appl. Phys. Lett.},
volume = {98},
pages = {243113},
year = {2011}
}


@article{Balasubramanian04APL,
author = {Kannan Balasubramanian and Yuwei Fan and Marko Burghard and Klaus Kern and Marcel Friedrich and Uli Wannek and Alf Mews},
title = {Photoelectronic transport imaging of individual semiconducting carbon nanotubes},
journal = {Appl. Phys. Lett.},
volume = {84},
pages = {2400},
year = {2004}
}

@article{Lee05APL,
author = {Ji Ung Lee},
title = {Photovoltaic effect in ideal carbon nanotube diodes},
journal = {Appl. Phys. Lett.},
volume = {87},
pages = {073101},
year = {2005}
}


@article{Balasubramanian05NL,
author = {Kannan Balasubramanian and Marko Burghard and Klaus Kern and Matteo Scolari and Alf Mews}, 
title = {Photocurrent Imaging of Charge Transport Barriers in Carbon Nanotube Devices},
journal = {Nano Lett.},
volume = {5},
pages = {507-510},
year = {2005}
}

@article{Freitag07APL,
author = {Marcus Freitag and James C. Tsang and Ageeth Bol and Dongning Yuan and Jie Liu and Phaedon Avouris},
title = {Imaging of the Schottky Barriers and Charge Depletion in Carbon Nanotube Transistors},
journal = {Appl. Phys. Lett.},
volume = {7},
pages = {2037-2042},
year = {2007}
}

@article{Lee07APL,
author = {Ji Ung Lee and Peter J. Codella and Matthew Pietrzykowski},
title = {Direct probe of excitonic and continuum transitions in the photocurrent spectroscopy of individual carbon nanotube p-n diodes},
journal = {Appl. Phys. Lett.},
volume = {90},
pages = {053103},
year = {2007}
}

@article{Gabor09Science,
author = {Nathaniel M. Gabor and Zhaohui Zhong and Ken Bosnick and Jiwoong Park and Paul L. McEuen},
title = {Extremely Efficient Multiple Electron-Hole Pair Generation in Carbon Nanotube Photodiodes},
journal = {Science},
volume = {325},
pages = {1367},
year = {2009}
}

@article{Hata04Science,
author = {Kenji Hata and Don N. Futaba and Kohei Mizuno and Tatsunori Namai and Motoo Yumura and Sumio Iijima},
title = {Water-Assisted Highly Efficient Synthesis of Impurity-Free Single-Walled Carbon Nanotubes},
journal = {Science},
volume = {306},
pages = {1362},
year = {2004}
}

@article{Wei07NL,
author = {Jinquan Wei and Yi Jia and Qinke Shu and Zhiyi Gu and Kunlin Wang and Daming Zhuang and Gong Zhang and Zhicheng Wang and Jianbin Luo and Anyuan Cao and Dehai Wu},
title = {Double-Walled Carbon Nanotube Solar Cells},
journal = {Nano Lett.},
volume = {7},
pages = {2317-2321},
year = {2007}
}


@article{Jia08AM,
author = {Yi Jia and Jinquan Wei and Kunlin Wang and Anyuan Cao and Qinke Shu and Xuchun Gui and Yanqiu Zhu and Daming Zhuang and Gong Zhang and Beibei Ma and Liduo Wang and Wenjin Liu and Zhicheng Wang and Jianbin Luo and Dehai Wu},
title = {Nanotube-Silicon Heterojunction Solar Cells},
journal = {Adv. Mater.},
volume = {20},
pages = {4594},
year = {2008}
}




@article{Arnold09NL,
author = {Michael S. Arnold and Jeramy D. Zimmerman and Christopher K. Renshaw and Xin Xu and Richard R. Lunt and Christine M. Austin and Stephen R. Forrest},
title = {Broad Spectral Response Using Carbon Nanotube/Organic Semiconductor/C$_{60}$ Photodetectors},
journal = {Nano Lett.},
volume = {9},
pages = {3354},
year = {2009}
}


@article{Li09ACSNano,
author = {Zhongrui Li and Vasyl P. Kunets and Viney Saini and Yang Xu and Enkeleda Dervishi and Gregory J. Salamo and Alexandru R. Biris and Alexandru S. Biris},
title = {Light-Harvesting Using High Density p-type Single Wall Carbon Nanotube/n-type Silicon Heterojunctions},
journal = {ACS Nano},
volume = {3},
pages = {1407},
year = {2009}
}

@article{Liu09Nanotech,
author = {Ye Liu and Shaoxin Lu and Balaji Panchapakesan},
title = {Alignment enhanced photoconductivity in single wall carbon nanotube films},
journal = {Nanotechnology},
volume = {20},
pages = {035203},
year = {2009}
}

@article{Bindl10ACSNano,
author = {Dominick J. Bindl and Nathaniel S. Safron and Michael S. Arnold},
title = {Dissociating Excitons Photogenerated in Semiconducting Carbon Nanotubes at Polymeric Photovoltaic Heterojunction Interfaces},
journal = {ACS Nano},
volume = {4},
pages = {5657},
year = {2010}
}

@article{Bindl11NL,
author = {Dominick J. Bindl and Meng-Yin Wu and Frederick C. Prehn and Michael S. Arnold},
title = {Efficiently Harvesting Excitons from Electronic Type-Controlled Semiconducting Carbon Nanotube Films},
journal = {Nano Lett.},
volume = {11},
pages = {455},
year = {2011}
}

@unpublished{NanotNP,
author = {Sebastien Nanot and Cary L. Pint and Akira Ikeuchi and Takafumi Akiho and Kazuhisa Sueoka and Aron Cummings and Francois Leonoard and Robert H. Hauge and Junichiro Kono},
title = {Photocurrent generation in macroscopically aligned ultralong carbon nanotubes},
Note = {\emph{submitted to Nature Photonics}}
}

@article{Martel01PRL,
author = {R. Martel and V. Derycke and C. Lavoie and J. Appenzeller and K. K. Chan and J. Tersoff and Phaedon Avouris},
title = {Ambipolar Electrical Transport in Semiconducting Single-Wall Carbon Nanotubes},
journal = {Phys. Rev. Lett.},
volume = {87},
pages = {256805},
year = {2001}
}


@phdthesis{Pint10,
author = {Cary L. Pint},
title = {Synthesis, transfer printing, electrical and optical properties, and applications of materials composed of self-assembled, aligned single-walled carbon nanotubes},
school = {Rice University},
year = {2010}
}


@article{Wood07PRB,
author = {R. F. Wood and S. Pannala and J. C. Wells and A. A. Puretzky and D. B. Geohegan},
title = {Simple model of the interrelation between single- and multiwall carbon nanotube growth rates for the CVD process},
journal = {Phys. Rev. B},
volume = {75},
pages = {235446},
year = {2007}
}




@article{Noda07JJAP,
author = {S. Noda and K. Hasegawa and H. Sugime and K. Kakehi and Z. Zhang and S. Maruyama and Y. Yamaguchi},
title = {Millimeter-thick single-walled carbon nanotube forests: hidden role of catalyst support},
journal = {Jpn. J. Appl. Phys.},
volume = {46},
pages = {L399-L401},
year = {2007}
}

@article{Amama09NL,
author = {Placidus B. Amama and Cary L. Pint and Laura McJilton and Seung Min Kim and Eric A. Stach and P. Terry Murray and Robert H. Hauge and Benji Maruyama},
title = {Role of Water in Super Growth of Single-Walled Carbon Nanotube Carpets},
journal = {Nano Lett.},
volume = {9},
pages = {44},
year = {2009}
}

@article{Collins00Science,
author = {Philip G. Collins and Keith Bradley and Masa Ishigami and A. Zettl},
title = {Extreme Oxygen Sensitivity of Electronic Properties of Carbon Nanotubes},
journal = {Science},
volume = {287},
pages = {1801},
year = {2000}
}

@article{Delgado10ACSNano,
author = {Jessica Campos-Delgado and Indhira O. Maciel and David A. Cullen and David J. Smith and Ado Jorio and Marcos A. Pimenta and Humberto Terrones and Mauricio Terrones},
title = {Chemical Vapor Deposition Synthesis of N-, P-, and Si-Doped Single-Walled Carbon Nanotubes},
journal = {ACS Nano},
volume = {4},
pages = {1696},
year = {2010}
}

@article{Elias10JNN,
author = {A. L. El\'ias and P. Ayala and A. Zamudio and M. Grobosch and E. Cruz-Silva and J. M. Romo-Herrera and J. Campos-Delgado and H. Terrones and T. Pichler and M. Terrones},
title = {Spectroscopic characterization of n-doped single-walled carbon nanotube strands: an x-ray photoelectron spectroscopy and raman study},
journal = {J. Nanoscience Nanotechnol.},
volume = {10},
pages = {3959},
year = {2010}
}

@article{Derycke02APL,
author = {V. Derycke and R. Martel and J. Appenzeller and Ph. Avouris},
title = {Controlling doping and carrier injection in carbon nanotube transistors},
journal = {Appl. Phys. Lett.},
volume = {80},
pages = {2773},
year = {2002}
}

@article{Zhou04NL,
author = {Yangxin Zhou and Anshu Gaur and Seung-Hyun Hur and Coskun Kocabas and Matthew A. Meitl and Moonsub Shim and John A. Rogers},
title = {p-Channel, n-Channel Thin Film Transistors and p−n Diodes Based on Single Wall Carbon Nanotube Networks},
journal = {Nano. Lett.},
volume = {4},
pages = {2031-2035},
year = {2004}
}

@article{Siddons04NL,
author = {Giles P. Siddons and David Merchin and Ju Hee Back and Jae Kyeong Jeong and Moonsub Shim},
title = {Highly Efficient Gating and Doping of Carbon Nanotubes with Polymer Electrolytes},
journal = {Nano. Lett.},
volume = {4},
pages = {927-931},
year = {2004}
}

@article{Kim09JACS,
author = {Soo Min Kim and Jin Ho Jang and Ki Kang Kim and Hyeon Ki Park and Jung Jun Bae and Woo Jong Yu and Il Ha Lee and Gunn Kim and Duong Dinh Loc and Un Jeong Kim and Eun-Hong Lee and Hyeon-Jin Shin and Jae-Young Choi and Young Hee Lee},
title = {Reduction-Controlled Viologen in Bisolvent as an Environmentally Stable n-Type Dopant for Carbon Nanotubes},
journal = {J. Am. Chem. Soc.},
volume = {131},
pages = {327-331},
year = {2009}
}